@article{rodiger2012rkward,
author = {Rödiger, S and Friedrichsmeier, T. and Kapat, P. and Michalke, M.},
journal = {Journal of Statistical Software},
pages = {1--34},
title = {RKWard: A Comprehensive Graphical User Interface and Integrated Development Environment for Statistical Analysis with R},
volume = {49(9)},
year = {2012}
}

@inproceedings{sanchez2012rkteaching,
author = {S\'anchez-Alberca, Alfredo},
booktitle = {III Jornadas de Intercambio de Experiencias de Innovación Educativa en Estadística},
pages = {136--147},
title = {{RKTeaching: Un paquete de R para la enseñanza de Estadística}},
year = {212},
editor = {Pav\'\ia, Jos\'e Mar\'\ia and Mart\'\inez, Rosario and Morillas, Francisco G. and Garc\'\ia Bel\'en},
address = {Valencia}
}

@misc{ref1,
author = {AuthorA},
title = {Title of a web resource},
howpublished = {\url{http://url/of/resource/}},
year = {2007}
}

